[gd_scene load_steps=7 format=2]

[ext_resource path="res://Asset/font_250_express.tres" type="DynamicFont" id=1]
[ext_resource path="res://Asset/font_200_express.tres" type="DynamicFont" id=2]
[ext_resource path="res://Asset/font_70_express.tres" type="DynamicFont" id=3]
[ext_resource path="res://Scripts/PlayButton.gd" type="Script" id=4]
[ext_resource path="res://Scripts/CloseButton.gd" type="Script" id=5]
[ext_resource path="res://Asset/Background.png" type="Texture" id=6]

[node name="MarginContainer" type="MarginContainer"]
margin_right = 1024.0
margin_bottom = 602.0

[node name="VBoxContainer" type="VBoxContainer" parent="."]
margin_right = 1024.0
margin_bottom = 602.0

[node name="Label3" type="Label" parent="VBoxContainer"]
margin_right = 1024.0
margin_bottom = 217.0
custom_fonts/font = ExtResource( 1 )

[node name="Label" type="Label" parent="VBoxContainer"]
margin_top = 221.0
margin_right = 1024.0
margin_bottom = 342.0
custom_fonts/font = ExtResource( 2 )
text = "You Win!"
align = 1

[node name="CenterContainer2" type="CenterContainer" parent="VBoxContainer"]
margin_top = 346.0
margin_right = 1024.0
margin_bottom = 383.0

[node name="PlayButton" type="LinkButton" parent="VBoxContainer/CenterContainer2"]
margin_left = 381.0
margin_right = 642.0
margin_bottom = 37.0
custom_fonts/font = ExtResource( 3 )
text = "Back to Main Menu"
script = ExtResource( 4 )
scene_to_load = "MainMenu"

[node name="CenterContainer3" type="CenterContainer" parent="VBoxContainer"]
margin_top = 387.0
margin_right = 1024.0
margin_bottom = 424.0

[node name="CloseButton" type="LinkButton" parent="VBoxContainer/CenterContainer3"]
margin_left = 483.0
margin_right = 540.0
margin_bottom = 37.0
custom_fonts/font = ExtResource( 3 )
text = "Quit"
script = ExtResource( 5 )

[node name="ParallaxBackground" type="ParallaxBackground" parent="."]

[node name="ParallaxLayer" type="ParallaxLayer" parent="ParallaxBackground"]

[node name="Sprite" type="Sprite" parent="ParallaxBackground/ParallaxLayer"]
position = Vector2( 514.896, 302.129 )
scale = Vector2( 1.06966, 1.11933 )
texture = ExtResource( 6 )
[connection signal="pressed" from="VBoxContainer/CenterContainer2/PlayButton" to="VBoxContainer/CenterContainer2/PlayButton" method="_on_PlayButton_pressed"]
[connection signal="pressed" from="VBoxContainer/CenterContainer3/CloseButton" to="VBoxContainer/CenterContainer3/CloseButton" method="_on_CloseButton_pressed"]
